% Encoding: UTF-8
@article{Antol2015VQA,
  author    = {Aishwarya Antol and A. Agrawal and Jiasen Lu and Margaret Mitchell and Dhruv Batra and C. Lawrence Zitnick and Devi Parikh},
  title     = {{VQA}: Visual Question Answering},
  journal   = {Proceedings of the IEEE International Conference on Computer Vision (ICCV)},
  year      = {2015},
  pages     = {2425--2433}
}

@inproceedings{goyal2017making,
  title     = {Making the {V} in {VQA} Matter: Elevating the Role of Image Understanding in Visual Question Answering},
  author    = {Goyal, Yash and Khot, Tejas and Summers-Stay, Douglas and Batra, Dhruv and Parikh, Devi},
  booktitle = {Proceedings of the IEEE Conference on Computer Vision and Pattern Recognition},
  pages     = {6904--6913},
  year      = {2017}
}

@article{He2016ResNet,
  author    = {Kaiming He and Xiangyu Zhang and Shaoqing Ren and Jian Sun},
  title     = {Deep Residual Learning for Image Recognition},
  journal   = {Proceedings of the IEEE Conference on Computer Vision and Pattern Recognition (CVPR)},
  year      = {2016},
  pages     = {770--778}
}

@article{Bahdanau2015Attention,
  author    = {Dzmitry Bahdanau and Kyunghyun Cho and Yoshua Bengio},
  title     = {Neural Machine Translation by Jointly Learning to Align and Translate},
  journal   = {Proceedings of the International Conference on Learning Representations (ICLR)},
  year      = {2015}
}

@article{Vaswani2017Transformer,
  author    = {Ashish Vaswani and Noam Shazeer and Niki Parmar and Jakob Uszkoreit and Llion Jones and Aidan N Gomez and Lukasz Kaiser and Illia Polosukhin},
  title     = {Attention Is All You Need},
  journal   = {Proceedings of the Advances in Neural Information Processing Systems (NeurIPS)},
  year      = {2017},
  pages     = {5998--6008}
}

@article{Ren2015FasterRCNN,
  author    = {Shaoqing Ren and Kaiming He and Ross B. Girshick and Jian Sun},
  title     = {Faster {R-CNN}: Towards Real-Time Object Detection with Region Proposal Networks},
  journal   = {Proceedings of the Advances in Neural Information Processing Systems (NeurIPS)},
  year      = {2015},
  pages     = {91--99}
}

@article{Devlin2019BERT,
  author    = {Jacob Devlin and Ming-Wei Chang and Kenton Lee and Kristina Toutanova},
  title     = {BERT: Pre-training of Deep Bidirectional Transformers for Language Understanding},
  journal   = {Proceedings of the North American Chapter of the Association for Computational Linguistics (NAACL)},
  year      = {2019},
  pages     = {4171--4186}
}

@inproceedings{Anderson2018BUTD,
  author    = {Peter Anderson and Xiaodong He and Chris Buehler and Damien Teney and Mark Johnson and Stephen Gould and Lei Zhang},
  title     = {Bottom-Up and Top-Down Attention for Image Captioning and Visual Question Answering},
  booktitle = {Proceedings of the IEEE Conference on Computer Vision and Pattern Recognition (CVPR)},
  year      = {2018},
  pages     = {6077--6086}
}

@inproceedings{Tan2019LXMERT,
  author    = {Hao Tan and Mohit Bansal},
  title     = {LXMERT: Learning Cross-Modality Encoder Representations from Transformers},
  booktitle = {Proceedings of the Conference on Empirical Methods in Natural Language Processing (EMNLP)},
  year      = {2019},
  pages     = {5100--5111}
}

@inproceedings{Radford2021CLIP,
  author    = {Alec Radford and Jong Wook Kim and Chris Hallacy and Aditya Ramesh and Gabriel Goh and Sandhini Agarwal and Girish Sastry and Amanda Askell and Pamela Mishkin and Jack Clark and Gretchen Krueger and Ilya Sutskever},
  title     = {Learning Transferable Visual Models From Natural Language Supervision},
  booktitle = {Proceedings of the International Conference on Machine Learning (ICML)},
  year      = {2021}
}

@inproceedings{Li2020UNITER,
  author    = {Liunian Harold Li and Mark Yatskar and Da Yin and Cho-Jui Hsieh and Kai-Wei Chang},
  title     = {UNITER: Universal Image-Text Representation Learning},
  booktitle = {Proceedings of the European Conference on Computer Vision (ECCV)},
  year      = {2020}
}

@inproceedings{Gokhale2020CausalVQA,
  author    = {Aniruddha Gokhale and Siddharth Banerjee and Chitta Baral},
  title     = {Mutual Information Maximization for Robust Multimodal Representations},
  booktitle = {Proceedings of the Neural Information Processing Systems (NeurIPS)},
  year      = {2020}
}

@inproceedings{Hudson2019MAC,
  author    = {Drew A. Hudson and Christopher D. Manning},
  title     = {Compositional Attention Networks for Machine Reasoning},
  booktitle = {Proceedings of the International Conference on Learning Representations (ICLR)},
  year      = {2019}
}

@article{van1991well,
  title     = {The Well-Founded Semantics for General Logic Programs},
  author    = {Van Gelder, Allen and Ross, Kenneth A and Schlipf, John S},
  journal   = {Journal of the {ACM}},
  volume    = {38},
  number    = {3},
  pages     = {619--649},
  year      = {1991},
  publisher = {ACM}
}